@Misc{ManLect,
  author = "Christopher Manning",
  title  = "Information Extraction and Named Entity Recognition",
  note   = "\textit{Lecture notes, Stanford university}",
  year   = 2016,
}


@Misc{WikiScrap,
  author = "Wikipedia",
  title  = "Web scrapping",
  note   = "\verb|https://en.wikipedia.org/wiki/Web_scraping|",
}


@Misc{Scrapy,
  author = "Scrapy",
  title  = "Official website",
  note   = "\verb|https://scrapy.org/|",
}


@Misc{AutoWrapLect,
  author = "Kristina Lerman ",
  title = "Automatic Wrapper Generation and Data Extraction",
  note   = "\textit{Lecture notes, University of Southern California}",
  year   = 2016,
}

@inproceedings{InfExtrSemWeb,
 author = {Baumgartner, Robert and Eiter, Thomas and Gottlob, Georg and Herzog, Marcus and Koch, Christoph},
 title = {Information Extraction for the Semantic Web},
 booktitle = {Proceedings of the First International Conference on Reasoning Web},
 year = {2005},
 isbn = {3-540-27828-1, 978-3-540-27828-3},
 location = {Msida, Malta},
 pages = {275--289},
 numpages = {15},
 url = {http://dx.doi.org/10.1007/11526988_8},
 doi = {10.1007/11526988_8},
 acmid = {2156069},
 publisher = {Springer-Verlag},
 address = {Berlin, Heidelberg},
 keywords = {semantic web, semi-structured data, web data extraction, web data integration, wrapper languages and systems},
} 


@Book{WebDataMining,
  author =       "Bing Liu",
  title =        "Web Data Mining",
  publisher =    "Springer Berlin Heidelberg",
  year   = 2011
}


@Book{InfExtr,
  author =       "Jakub Piskorski, Roman Yangarber",
  title =        "Multi-source, Multilingual Information Extraction and Summarization",
  publisher =    "Springer-Verlag Berlin Heidelberg",
  year   = 2013
}


@Misc{Mozenda,
  author = "Mozenda",
  title  = "Official website",
  note   = "\verb|http://www.mozenda.com/|",
}

@article{WebDataSurvey,
 author = {Laender, Alberto H. F. and Ribeiro-Neto, Berthier A. and da Silva, Altigran S. and Teixeira, Juliana S.},
 title = {A Brief Survey of Web Data Extraction Tools},
 journal = {SIGMOD Rec.},
 issue_date = {June 2002},
 volume = {31},
 number = {2},
 month = jun,
 year = {2002},
 issn = {0163-5808},
 pages = {84--93},
 numpages = {10},
 url = {http://doi.acm.org/10.1145/565117.565137},
 doi = {10.1145/565117.565137},
 acmid = {565137},
 publisher = {ACM},
 address = {New York, NY, USA},
} 


@article{GrammarHave,
 author = {Crescenzi, Valter and Mecca, Giansalvatore},
 title = {Grammars Have Exceptions},
 journal = {Inf. Syst.},
 issue_date = {Dec. 1998},
 volume = {23},
 number = {9},
 month = dec,
 year = {1998},
 issn = {0306-4379},
 pages = {539--565},
 numpages = {27},
 url = {http://dl.acm.org/citation.cfm?id=306766.306777},
 acmid = {306777},
 publisher = {Elsevier Science Ltd.},
 address = {Oxford, UK, UK},
 keywords = {Web, documents, exceptions, grammars, wrappers},
} 

@inproceedings{Hammer,
 author = {Hammer, Joachim and McHugh, Jason and Garcia-Molin, Hector},
 title = {Semistructured Data: The TSIMMIS Experience},
 booktitle = {Proceedings of the First East-European Conference on Advances in Databases and Information Systems},
 series = {ADBIS'97},
 year = {1997},
 location = {St Petersburg, Russia},
 pages = {22--22},
 numpages = {1},
 url = {http://dl.acm.org/citation.cfm?id=2227663.2227685},
 acmid = {2227685},
 publisher = {BCS Learning \& Development Ltd.},
 address = {Swindon, UK},
} 

@article{Weboql,
 author = {Arocena, Gustavo O. and Mendelzon, Alberto O.},
 title = {WebOQL: Restructuring Documents, Databases, and Webs},
 journal = {Theor. Pract. Object Syst.},
 issue_date = {Aug. 1999},
 volume = {5},
 number = {3},
 month = aug,
 year = {1999},
 issn = {1074-3227},
 pages = {127--141},
 numpages = {15},
 url = {http://dx.doi.org/10.1002/(SICI)1096-9942(1999)5:3<127::AID-TAPO2>3.0.CO;2-X},
 doi = {10.1002/(SICI)1096-9942(1999)5:3<127::AID-TAPO2>3.0.CO;2-X},
 acmid = {334644},
 publisher = {John Wiley \& Sons, Inc.},
 address = {New York, NY, USA},
} 

@inproceedings{Roadrunner,
 author = {Crescenzi, Valter and Mecca, Giansalvatore and Merialdo, Paolo},
 title = {RoadRunner: Towards Automatic Data Extraction from Large Web Sites},
 booktitle = {Proceedings of the 27th International Conference on Very Large Data Bases},
 series = {VLDB '01},
 year = {2001},
 isbn = {1-55860-804-4},
 pages = {109--118},
 numpages = {10},
 url = {http://dl.acm.org/citation.cfm?id=645927.672370},
 acmid = {672370},
 publisher = {Morgan Kaufmann Publishers Inc.},
 address = {San Francisco, CA, USA},
} 


@inproceedings{Lixto,
 author = {Baumgartner, Robert and Flesca, Sergio and Gottlob, Georg},
 title = {Visual Web Information Extraction with Lixto},
 booktitle = {Proceedings of the 27th International Conference on Very Large Data Bases},
 series = {VLDB '01},
 year = {2001},
 isbn = {1-55860-804-4},
 pages = {119--128},
 numpages = {10},
 url = {http://dl.acm.org/citation.cfm?id=645927.672194},
 acmid = {672194},
 publisher = {Morgan Kaufmann Publishers Inc.},
 address = {San Francisco, CA, USA},
} 


@inproceedings{Xwrap,
 title = {XWRAP: An XML-Enabled Wrapper Construction System for Web Information Sources},
 booktitle = {Proceedings of the 16th International Conference on Data Engineering},
 series = {ICDE '00},
 year = {2000},
 isbn = {0-7695-0506-6},
 pages = {611--},
 url = {http://dl.acm.org/citation.cfm?id=846219.847340},
 acmid = {847340},
 publisher = {IEEE Computer Society},
 address = {Washington, DC, USA},
 keywords = {Web data management, Information extraction, Wrapper generation system, XML},
key = {{$\!\!$}} ,
} 


@inproceedings{Rapier,
 author = {Califf, Mary Elaine and Mooney, Raymond J.},
 title = {Relational Learning of Pattern-match Rules for Information Extraction},
 booktitle = {Proceedings of the Sixteenth National Conference on Artificial Intelligence and the Eleventh Innovative Applications of Artificial Intelligence Conference Innovative Applications of Artificial Intelligence},
 series = {AAAI '99/IAAI '99},
 year = {1999},
 isbn = {0-262-51106-1},
 location = {Orlando, Florida, USA},
 pages = {328--334},
 numpages = {7},
 url = {http://dl.acm.org/citation.cfm?id=315149.315318},
 acmid = {315318},
 publisher = {American Association for Artificial Intelligence},
 address = {Menlo Park, CA, USA},
} 


@article{SRV,
 author = {Freitag, Dayne},
 title = {Machine Learning for Information Extraction in Informal Domains},
 journal = {Mach. Learn.},
 issue_date = {May-June 2000},
 volume = {39},
 number = {2-3},
 month = may,
 year = {2000},
 issn = {0885-6125},
 pages = {169--202},
 numpages = {34},
 url = {http://dx.doi.org/10.1023/A:1007601113994},
 doi = {10.1023/A:1007601113994},
 acmid = {347737},
 publisher = {Kluwer Academic Publishers},
 address = {Hingham, MA, USA},
 keywords = {information extraction, multistrategy learning},
} 

@article{Vide,
 author = {Liu, Wei and Meng, Xiaofeng and Meng, Weiyi},
 title = {ViDE: A Vision-Based Approach for Deep Web Data Extraction},
 journal = {IEEE Trans. on Knowl. and Data Eng.},
 issue_date = {March 2010},
 volume = {22},
 number = {3},
 month = mar,
 year = {2010},
 issn = {1041-4347},
 pages = {447--460},
 numpages = {14},
 url = {http://dx.doi.org/10.1109/TKDE.2009.109},
 doi = {10.1109/TKDE.2009.109},
 acmid = {1729548},
 publisher = {IEEE Educational Activities Department},
 address = {Piscataway, NJ, USA},
 keywords = {Web data extraction, Web mining, Web mining, Web data extraction, visual features of deep Web pages, wrapper generation., visual features of deep Web pages, wrapper generation.},
} 

@article{Stalker,
 author = {Muslea, Ion and Minton, Steven and Knoblock, Craig A.},
 title = {Hierarchical Wrapper Induction for Semistructured Information Sources},
 journal = {Autonomous Agents and Multi-Agent Systems},
 issue_date = {March-June 2001},
 volume = {4},
 number = {1-2},
 month = mar,
 year = {2001},
 issn = {1387-2532},
 pages = {93--114},
 numpages = {22},
 url = {http://dx.doi.org/10.1023/A:1010022931168},
 doi = {10.1023/A:1010022931168},
 acmid = {608666},
 publisher = {Kluwer Academic Publishers},
 address = {Hingham, MA, USA},
 keywords = {information agents, information extraction, supervised inductive learning, wrapper induction},
} 


@article{Wien,
 author = {Kushmerick, Nicholas},
 title = {Wrapper Induction: Efficiency and Expressiveness},
 journal = {Artif. Intell.},
 issue_date = {April 2000},
 volume = {118},
 number = {1-2},
 month = apr,
 year = {2000},
 issn = {0004-3702},
 pages = {15--68},
 numpages = {54},
 url = {http://dx.doi.org/10.1016/S0004-3702(99)00100-9},
 doi = {10.1016/S0004-3702(99)00100-9},
 acmid = {350346},
 publisher = {Elsevier Science Publishers Ltd.},
 address = {Essex, UK},
 keywords = {Internet information integration, information agents, information extraction, machine learning, wrapper induction},
} 


@misc{MaxEntropy,
    author = {Borthwick, A.},
    keywords = {maxent, ne, nlp},
    title = {A Maximum Entropy Approach to Named Entity Recognition},
    url = {http://citeseer.ist.psu.edu/borthwick99maximum.html},
    year = {1999}
}


@article{RegExtrSurvey,
 author = {Sleiman, Hassan A. and Corchuelo, Rafael},
 title = {A Survey on Region Extractors from Web Documents},
 journal = {IEEE Trans. on Knowl. and Data Eng.},
 issue_date = {September 2013},
 volume = {25},
 number = {9},
 month = sep,
 year = {2013},
 issn = {1041-4347},
 pages = {1960--1981},
 numpages = {22},
 url = {http://dx.doi.org/10.1109/TKDE.2012.135},
 doi = {10.1109/TKDE.2012.135},
 acmid = {2516469},
 publisher = {IEEE Educational Activities Department},
 address = {Piscataway, NJ, USA},
 keywords = {Data mining,Proposals,Feature extraction,HTML,Metasearch,Engines,Search engines,enterprise information integration,Information extractors,wrappers,web documents,region extractors},
} 


@inproceedings{LiuMinData,
 author = {Liu, Bing and Grossman, Robert and Zhai, Yanhong},
 title = {Mining Data Records in Web Pages},
 booktitle = {Proceedings of the Ninth ACM SIGKDD International Conference on Knowledge Discovery and Data Mining},
 series = {KDD '03},
 year = {2003},
 isbn = {1-58113-737-0},
 location = {Washington, D.C.},
 pages = {601--606},
 numpages = {6},
 url = {http://doi.acm.org/10.1145/956750.956826},
 doi = {10.1145/956750.956826},
 acmid = {956826},
 publisher = {ACM},
 address = {New York, NY, USA},
 keywords = {Web data records, Web information integration, Web mining},
}


@inproceedings{Embley,
 author = {Embley, D. W. and Jiang, Y. and Ng, Y.-K.},
 title = {Record-boundary Discovery in Web Documents},
 booktitle = {Proceedings of the 1999 ACM SIGMOD International Conference on Management of Data},
 series = {SIGMOD '99},
 year = {1999},
 isbn = {1-58113-084-8},
 location = {Philadelphia, Pennsylvania, USA},
 pages = {467--478},
 numpages = {12},
 url = {http://doi.acm.org/10.1145/304182.304223},
 doi = {10.1145/304182.304223},
 acmid = {304223},
 publisher = {ACM},
 address = {New York, NY, USA},
} 


@inproceedings{Noisy,
 author = {Yi, Lan and Liu, Bing and Li, Xiaoli},
 title = {Eliminating Noisy Information in Web Pages for Data Mining},
 booktitle = {Proceedings of the Ninth ACM SIGKDD International Conference on Knowledge Discovery and Data Mining},
 series = {KDD '03},
 year = {2003},
 isbn = {1-58113-737-0},
 location = {Washington, D.C.},
 pages = {296--305},
 numpages = {10},
 url = {http://doi.acm.org/10.1145/956750.956785},
 doi = {10.1145/956750.956785},
 acmid = {956785},
 publisher = {ACM},
 address = {New York, NY, USA},
 keywords = {Web mining, noise detection, noise elimination},
} 


@inproceedings{Wang,
 author = {Wang, Jiying and Lochovsky, Frederick H.},
 title = {Data-rich Section Extraction from HTML Pages},
 booktitle = {Proceedings of the 3rd International Conference on Web Information Systems Engineering},
 series = {WISE '02},
 year = {2002},
 isbn = {0-7695-1766-8},
 pages = {313--322},
 numpages = {10},
 url = {http://dl.acm.org/citation.cfm?id=645962.674087},
 acmid = {674087},
 publisher = {IEEE Computer Society},
 address = {Washington, DC, USA},
} 



@article{Kang,
  added-at = {2015-04-24T00:00:00.000+0200},
  author = {Kang, Jinbeom and Choi, Joongmin},
  biburl = {http://www.bibsonomy.org/bibtex/2f039a154d0254bd3e9fd5bb8491118ba/dblp},
  ee = {http://dx.doi.org/10.3217/jucs-014-11-1893},
  interhash = {bd9199ef496fb4c05d91eedfb77c49ae},
  intrahash = {f039a154d0254bd3e9fd5bb8491118ba},
  journal = {J. UCS},
  keywords = {dblp},
  number = 11,
  pages = {1893-1910},
  timestamp = {2015-06-18T09:34:26.000+0200},
  title = {Recognising Informative Web Page Blocks Using Visual Segmentation for Efficient Information Extraction.},
  url = {http://dblp.uni-trier.de/db/journals/jucs/jucs14.html#KangC08},
  volume = 14,
  year = 2008
}



@inproceedings{Buttler,
 title = {A Fully Automated Object Extraction System for the World Wide Web},
 booktitle = {Proceedings of the The 21st International Conference on Distributed Computing Systems},
 series = {ICDCS '01},
 year = {2001},
 pages = {361--},
 url = {http://dl.acm.org/citation.cfm?id=876878.879311},
 acmid = {879311},
 publisher = {IEEE Computer Society},
 address = {Washington, DC, USA},
key = {{$\!\!$}} ,
} 

@inproceedings{Urest,
 author = {Shen, Yuan Kui and Karger, David R.},
 title = {U-REST: An Unsupervised Record Extraction System},
 booktitle = {Proceedings of the 16th International Conference on World Wide Web},
 series = {WWW '07},
 year = {2007},
 isbn = {978-1-59593-654-7},
 location = {Banff, Alberta, Canada},
 pages = {1347--1348},
 numpages = {2},
 url = {http://doi.acm.org/10.1145/1242572.1242844},
 doi = {10.1145/1242572.1242844},
 acmid = {1242844},
 publisher = {ACM},
 address = {New York, NY, USA},
 keywords = {clustering, record extraction},
} 

@inproceedings{Vips,
 author = {Cai, Deng and Yu, Shipeng and Wen, Ji-Rong and Ma, Wei-Ying},
 title = {Extracting Content Structure for Web Pages Based on Visual Representation},
 booktitle = {Proceedings of the 5th Asia-Pacific Web Conference on Web Technologies and Applications},
 series = {APWeb'03},
 year = {2003},
 isbn = {3-540-02354-2},
 location = {Xian, China},
 pages = {406--417},
 numpages = {12},
 url = {http://dl.acm.org/citation.cfm?id=1766091.1766143},
 acmid = {1766143},
 publisher = {Springer-Verlag},
 address = {Berlin, Heidelberg},
} 

@inproceedings{Kohlschutter,
 author = {Kohlsch\"{u}tter, Christian and Nejdl, Wolfgang},
 title = {A Densitometric Approach to Web Page Segmentation},
 booktitle = {Proceedings of the 17th ACM Conference on Information and Knowledge Management},
 series = {CIKM '08},
 year = {2008},
 isbn = {978-1-59593-991-3},
 location = {Napa Valley, California, USA},
 pages = {1173--1182},
 numpages = {10},
 url = {http://doi.acm.org/10.1145/1458082.1458237},
 doi = {10.1145/1458082.1458237},
 acmid = {1458237},
 publisher = {ACM},
 address = {New York, NY, USA},
 keywords = {full-text extraction, noise removal, template detection, web page segmentation},
} 

@book{MoensBook,
 author = {Moens, Marie-Francine},
 title = {Information Extraction: Algorithms and Prospects in a Retrieval Context (The Information Retrieval Series)},
 year = {2006},
 isbn = {1402049870},
 publisher = {Springer-Verlag New York, Inc.},
 address = {Secaucus, NJ, USA},
} 

@inproceedings{GoogEvent,
 author = {Foley, John and Bendersky, Michael and Josifovski, Vanja},
 title = {Learning to Extract Local Events from the Web},
 booktitle = {Proceedings of the 38th International ACM SIGIR Conference on Research and Development in Information Retrieval},
 series = {SIGIR '15},
 year = {2015},
 isbn = {978-1-4503-3621-5},
 location = {Santiago, Chile},
 pages = {423--432},
 numpages = {10},
 url = {http://doi.acm.org/10.1145/2766462.2767739},
 doi = {10.1145/2766462.2767739},
 acmid = {2767739},
 publisher = {ACM},
 address = {New York, NY, USA},
 keywords = {information extraction, information retrieval},
} 


@inproceedings{Petrovski,
 author = {Petrovski, Petar and Bryl, Volha and Bizer, Christian},
 title = {Learning Regular Expressions for the Extraction of Product Attributes from E-commerce Microdata},
 booktitle = {Proceedings of the Second International Conference on Linked Data for Information Extraction - Volume 1267},
 series = {LD4IE'14},
 year = {2014},
 location = {Riva del Garda, Italy},
 pages = {45--54},
 numpages = {10},
 url = {http://dl.acm.org/citation.cfm?id=2878575.2878581},
 acmid = {2878581},
 publisher = {CEUR-WS.org},
 address = {Aachen, Germany, Germany},
 keywords = {entity linking, feature extraction, microdata},
} 


@inproceedings{Gentile,
 author = {Gentile, Anna Lisa and Zhang, Ziqi and Augenstein, Isabelle and Ciravegna, Fabio},
 title = {Unsupervised Wrapper Induction Using Linked Data},
 booktitle = {Proceedings of the Seventh International Conference on Knowledge Capture},
 series = {K-CAP '13},
 year = {2013},
 isbn = {978-1-4503-2102-0},
 location = {Banff, Canada},
 pages = {41--48},
 numpages = {8},
 url = {http://doi.acm.org/10.1145/2479832.2479845},
 doi = {10.1145/2479832.2479845},
 acmid = {2479845},
 publisher = {ACM},
 address = {New York, NY, USA},
 keywords = {induction, linked data, unsupervised, wrapper},
} 

@inproceedings{TagPath,
 author = {Miao, Gengxin and Tatemura, Junichi and Hsiung, Wang-Pin and Sawires, Arsany and Moser, Louise E.},
 title = {Extracting Data Records from the Web Using Tag Path Clustering},
 booktitle = {Proceedings of the 18th International Conference on World Wide Web},
 series = {WWW '09},
 year = {2009},
 isbn = {978-1-60558-487-4},
 location = {Madrid, Spain},
 pages = {981--990},
 numpages = {10},
 url = {http://doi.acm.org/10.1145/1526709.1526841},
 doi = {10.1145/1526709.1526841},
 acmid = {1526841},
 publisher = {ACM},
 address = {New York, NY, USA},
 keywords = {clustering, data record extraction, information extraction},
} 

@article{CondModel,
 author = {Phan, Xuan\&\#45;Hieu and Horiguchi, Susumu and Ho, Tu\&\#45;Bao},
 title = {Automated Data Extraction from the Web with Conditional Models},
 journal = {Int. J. Bus. Intell. Data Min.},
 issue_date = {December 2005},
 volume = {1},
 number = {2},
 month = dec,
 year = {2005},
 issn = {1743-8195},
 pages = {194--209},
 numpages = {16},
 url = {http://dx.doi.org/10.1504/IJBIDM.2005.008362},
 doi = {10.1504/IJBIDM.2005.008362},
 acmid = {1356335},
 publisher = {Inderscience Publishers},
 address = {Inderscience Publishers, Geneva, SWITZERLAND},
 keywords = {automatic extraction, conditional models, data extraction, data mining, e\&\#45;commerce, electronic commerce, hypertext representations, information extraction, maximum entropy, maximum entropy Markov model, statistical machine learning, web mining},
} 


@phdthesis{becker,
  added-at = {2013-01-16T10:30:36.000+0100},
  author = {Becker, H.},
  biburl = {https://www.bibsonomy.org/bibtex/26f4d5c15454e5b73bb2e0725b5aaaf92/asmelash},
  interhash = {812bdc2f10981e999fc5e02820e3ee79},
  intrahash = {6f4d5c15454e5b73bb2e0725b5aaaf92},
  keywords = {characterization events identification mapOfLife socialMedia},
  school = {Columbia University},
  timestamp = {2013-01-16T10:30:37.000+0100},
  title = {Identification and Characterization of Events in Social Media},
  url = {http://scholar.google.com/scholar.bib?q=info:GYb4ItdgMlwJ:scholar.google.com/&output=citation&scisig=AAGBfm0AAAAAUPZ1eejN2BbCHfVJ3Azq1Fgqc8IUQptr&scisf=4&hl=en&as_sdt=0,5},
  year = 2011
}

@Inbook{Gogar2016,
author="Gogar, Tomas
and Hubacek, Ondrej
and Sedivy, Jan",
editor="Iliadis, Lazaros
and Maglogiannis, Ilias",
title="Deep Neural Networks for Web Page Information Extraction",
bookTitle="Artificial Intelligence Applications and Innovations: 12th IFIP WG 12.5 International Conference and Workshops, AIAI 2016, Thessaloniki, Greece, September 16-18, 2016, Proceedings",
year="2016",
publisher="Springer International Publishing",
address="Cham",
pages="154--163",
isbn="978-3-319-44944-9",
doi="10.1007/978-3-319-44944-9_14",
url="http://dx.doi.org/10.1007/978-3-319-44944-9_14"
}

@article{Diadem,
 author = {Furche, Tim and Gottlob, Georg and Grasso, Giovanni and Guo, Xiaonan and Orsi, Giorgio and Schallhart, Christian and Wang, Cheng},
 title = {DIADEM: Thousands of Websites to a Single Database},
 journal = {Proc. VLDB Endow.},
 issue_date = {October 2014},
 volume = {7},
 number = {14},
 month = oct,
 year = {2014},
 issn = {2150-8097},
 pages = {1845--1856},
 numpages = {12},
 url = {http://dx.doi.org/10.14778/2733085.2733091},
 doi = {10.14778/2733085.2733091},
 acmid = {2733091},
 publisher = {VLDB Endowment},
 keywords = {data extraction, deep web, wrapper induction},
} 

@book{JSBook,
 author = {Flanagan, David},
 title = {JavaScript: The Definitive Guide Activate Your Web Pages},
 year = {2011},
 isbn = {0596805527, 9780596805524},
 edition = {6th},
 publisher = {O'Reilly Media, Inc.},
} 

@Misc{W3Schools,
  author = "W3Schools",
  title  = "Official website",
  note   = "\verb|https://www.w3schools.com|",
}



@Misc{GoogleDev,
  author = "Google Developers Website",
  title  = "Official website",
  note   = "\verb|https://developers.google.com|",
}


@Misc{SelenSpeed,
  author = "XPath and CSS performance ",
  note   = "\verb|http://elementalselenium.com/tips/34-xpath-vs-css-revisited-2|",
}


@Misc{XpathCssDiff,
  title = "Difference between CSS and XPath",
  note   = "\verb|http://elementalselenium.com/tips/34-xpath-vs-css-revisited-2|",
}

@Misc{WikiSeman,
  author = "Wikipedia",
  title  = "Semantic Web",
  note   = "\verb|https://en.wikipedia.org/wiki/Semantic_Web|",
}

@Misc{Microdata,
  author = "HTML Standarts",
  title  = "Microdata",
  note   = "\verb|https://html.spec.whatwg.org/multipage/microdata.html|",
}

@Misc{CSSMoz,
  author = "Mozzila Developers",
  title  = "CSS developers guide",
  note   = "\verb|https://developer.mozilla.org/en-US/docs/Web/CSS|",
}

@Misc{Diffbot,
  author = "DiffBot",
  title  = "Official website",
  note   = "\verb|https://www.diffbot.com/|",
}

@Misc{ParseHub,
  author = "ParseHub",
  title  = "Official website",
  note   = "\verb|https://www.parsehub.com/|",
}


@Misc{Apifier,
  author = "Apifier",
  title  = "Official website",
  note   = "\verb|https://www.apifier.com/|",
}

@Misc{Importio,
  author = "Import.io",
  title  = "Official website",
  note   = "\verb|https://www.import.io/|",
}

@Misc{IBMAlchemy,
  title  = "IBM Watson. Official website",
  note   = "\verb|https://www.ibm.com/watson",
}
@Misc{Wolfram,
  title  = "Wolfram Language",
  note   = "\verb|https://www.wolfram.com/language/",
}

@Misc{commoncrawl,
  title  = "Common Crawl official blog",
  note   = "\verb|http://commoncrawl.org/connect/blog/",
}


@Misc{webdatacommons,
  title  = "Web Data Commons official website",
  note   = "\verb|http://webdatacommons.org/",
}

@Misc{MetaCentrum,
  title  = "MetaCentrum distributed system",
  note   = "\verb|https://metavo.metacentrum.cz/"
}

@Misc{GoogleRaters,
  title  = "Google raters, article",
  note   = "\verb|http://www.potpiegirl.com/google-raters-who-are-they/"
}


@Misc{ClueWeb12,
  title  = "Lemur project, The ClueWeb12 Dataset",
  note   = "\verb|http://lemurproject.org/clueweb12/"
}

@Misc{datUni,
  title  = "University dataset",
  note   = "\verb|http://www.cs.cmu.edu/afs/cs.cmu.edu/project/theo-20/www/data/",
}


@Misc{datAd,
  title  = "Internet Ads dataset",
  note   = "\verb|http://archive.ics.uci.edu/ml/datasets/Internet+Advertisements",
}


@Misc{datInterest,
  title  = "Labeled interesting pages dataset",
  note   = "\verb|http://kdd.ics.uci.edu/databases/SyskillWebert/SyskillWebert.html",
}


@Misc{datFhishing,
  title  = "Fhishing website dataset",
  note   = "\verb|https://archive.ics.uci.edu/ml/datasets/phishing+websites",
}


@Misc{datRumor,
  title  = "Rumor dataset",
  note   = "\verb|https://www.kaggle.com/arminehn/rumor-citation",
}


@Misc{datAmazon,
  title  = "Amazon product review dataset",
  note   = "\verb|https://snap.stanford.edu/data/web-Amazon.html",
}


@Misc{datReal,
  title  = "Real estate dataset",
  note   = "\verb|https://www.kaggle.com/fredgirod/web-crawler-for-real-estate-market",
}



@Misc{tfidf,
  title  = "tf-idf (term frequency–inverse document frequency)",
  note   = "\verb|https://en.wikipedia.org/wiki/Tf\%E2\%80\%93idf",
}


@article{PCA,
 author = {Ross, David A. and Lim, Jongwoo and Lin, Ruei-Sung and Yang, Ming-Hsuan},
 title = {Incremental Learning for Robust Visual Tracking},
 journal = {Int. J. Comput. Vision},
 issue_date = {May       2008},
 volume = {77},
 number = {1-3},
 month = may,
 year = {2008},
 issn = {0920-5691},
 pages = {125--141},
 numpages = {17},
 url = {http://dx.doi.org/10.1007/s11263-007-0075-7},
 doi = {10.1007/s11263-007-0075-7},
 acmid = {1346002},
 publisher = {Kluwer Academic Publishers},
 address = {Hingham, MA, USA},
 keywords = {Adaptive methods, Illumination, Online algorithms, Particle filter, Subspace update, Visual tracking},
} 






    
@Misc{Ambiverse,
  author = "Ambiverse Natural Language Understanding",
  title  = "Official website",
  note   = "\verb|https://www.ambiverse.com/|",
}

@Misc{Calais,
  author = "Calais",
  title  = "Official website",
  note   = "\verb|http://www.opencalais.com/|",
}


@Misc{Calais,
  title  = "Yahoo Term Extraction API",
  note   = "\verb|https://developer.yahoo.com/contentanalysis/|",
}



@Misc{GoogNLP,
  author = "Google Cloud Natural Language Processing",
  title  = "Official website",
  note   = "\verb|https://cloud.google.com/natural-language|",
}




@article{WebExtraSurveyFerrara,
 author = {Ferrara, Emilio and De Meo, Pasquale and Fiumara, Giacomo and Baumgartner, Robert},
 title = {Web Data Extraction, Applications and Techniques},
 journal = {Know.-Based Syst.},
 issue_date = {November 2014},
 volume = {70},
 number = {C},
 month = nov,
 year = {2014},
 issn = {0950-7051},
 pages = {301--323},
 numpages = {23},
 url = {http://dx.doi.org/10.1016/j.knosys.2014.07.007},
 doi = {10.1016/j.knosys.2014.07.007},
 acmid = {2844290},
 publisher = {Elsevier Science Publishers B. V.},
 address = {Amsterdam, The Netherlands, The Netherlands},
 keywords = {Business intelligence, Information retrieval, Knowledge engineering, Knowledge-based systems, Web data mining, Web information extraction},
} 

@article{Trends,
url = {http://dx.doi.org/10.1561/1900000003},
year = {2008},
volume = {1},
journal = {Foundations and Trends® in Databases},
title = {Information Extraction},
doi = {10.1561/1900000003},
issn = {1931-7883},
number = {3},
pages = {261-377},
author = {Sunita Sarawagi}
}


@article{BotUp,
 author = {Califf, Mary Elaine and Mooney, Raymond J.},
 title = {Bottom-up Relational Learning of Pattern Matching Rules for Information Extraction},
 journal = {J. Mach. Learn. Res.},
 issue_date = {12/1/2003},
 volume = {4},
 month = dec,
 year = {2003},
 issn = {1532-4435},
 pages = {177--210},
 numpages = {34},
 url = {http://dx.doi.org/10.1162/153244304322972685},
 doi = {10.1162/153244304322972685},
 acmid = {945374},
 publisher = {JMLR.org},
} 


@article{Hsu,
 author = {Hsu, Chun-Nan and Dung, Ming-Tzung},
 title = {Generating Finite-state Transducers for Semi-structured Data Extraction from the Web},
 journal = {Inf. Syst.},
 issue_date = {Dec. 1998},
 volume = {23},
 number = {9},
 month = dec,
 year = {1998},
 issn = {0306-4379},
 pages = {521--538},
 numpages = {18},
 url = {http://dl.acm.org/citation.cfm?id=306766.306775},
 acmid = {306775},
 publisher = {Elsevier Science Ltd.},
 address = {Oxford, UK, UK},
 keywords = {information extraction, semistructured data, world wide web, wrapper induction},
} 

@article{Ortona,
 author = {Ortona, Stefano and Orsi, Giorgio and Buoncristiano, Marcello and Furche, Tim},
 title = {WADaR: Joint Wrapper and Data Repair},
 journal = {Proc. VLDB Endow.},
 issue_date = {August 2015},
 volume = {8},
 number = {12},
 month = aug,
 year = {2015},
 issn = {2150-8097},
 pages = {1996--1999},
 numpages = {4},
 url = {http://dx.doi.org/10.14778/2824032.2824120},
 doi = {10.14778/2824032.2824120},
 acmid = {2824120},
 publisher = {VLDB Endowment},
} 


@article{Qiu,
 author = {Qiu, Disheng and Barbosa, Luciano and Dong, Xin Luna and Shen, Yanyan and Srivastava, Divesh},
 title = {Dexter: Large-scale Discovery and Extraction of Product Specifications on the Web},
 journal = {Proc. VLDB Endow.},
 issue_date = {September 2015},
 volume = {8},
 number = {13},
 month = sep,
 year = {2015},
 issn = {2150-8097},
 pages = {2194--2205},
 numpages = {12},
 url = {https://doi.org/10.14778/2831360.2831372},
 doi = {10.14778/2831360.2831372},
 acmid = {2831372},
 publisher = {VLDB Endowment},
} 


@article{Dalvi,
 author = {Dalvi, Nilesh and Kumar, Ravi and Soliman, Mohamed},
 title = {Automatic Wrappers for Large Scale Web Extraction},
 journal = {Proc. VLDB Endow.},
 issue_date = {January 2011},
 volume = {4},
 number = {4},
 month = jan,
 year = {2011},
 issn = {2150-8097},
 pages = {219--230},
 numpages = {12},
 url = {http://dx.doi.org/10.14778/1938545.1938547},
 doi = {10.14778/1938545.1938547},
 acmid = {1938547},
 publisher = {VLDB Endowment},
} 

@inproceedings{ConditionalRF,
  title={Conditional Random Field Based Named Entity Recognition in Geological Text},
  author={Sobhana N.V and Pabitra Mitra and S. K. Ghosh},
  year={2010}
}

@inproceedings{HMM,
 author = {Ekbal, Asif and Bandyopadhyay, Sivaji},
 title = {A Hidden Markov Model Based Named Entity Recognition System: Bengali and Hindi As Case Studies},
 booktitle = {Proceedings of the 2Nd International Conference on Pattern Recognition and Machine Intelligence},
 series = {PReMI'07},
 year = {2007},
 isbn = {3-540-77045-3, 978-3-540-77045-9},
 location = {Kolkata, India},
 pages = {545--552},
 numpages = {8},
 url = {http://dl.acm.org/citation.cfm?id=1781034.1781108},
 acmid = {1781108},
 publisher = {Springer-Verlag},
 address = {Berlin, Heidelberg},
 keywords = {hidden Markov model (HMM), named entity (NE), named entity recognition (NER), named entity recognition in Bengali},
} 


@article{ner-sekine2007,
  added-at = {2009-11-06T17:24:59.000+0100},
  author = {Nadeau, David and Sekine, Satoshi},
  biburl = {https://www.bibsonomy.org/bibtex/231a3c28acfe2301ba810b2fccd1ea392/mirian},
  interhash = {2d9a1a5440885a8741a1686f344a9494},
  intrahash = {31a3c28acfe2301ba810b2fccd1ea392},
  journal = {Linguisticae Investigationes},
  keywords = {ie ner nlp survey},
  month = {January},
  note = {Publisher: John Benjamins Publishing Company},
  number = 1,
  pages = {3--26},
  timestamp = {2009-11-06T17:24:59.000+0100},
  title = {A survey of named entity recognition and classification},
  url = {http://www.ingentaconnect.com/content/jbp/li/2007/00000030/00000001/art00002},
  volume = 30,
  year = 2007
}



@article{nerclass,
  added-at = {2009-11-06T17:24:59.000+0100},
  author = {Nadeau, David and Sekine, Satoshi},
  biburl = {https://www.bibsonomy.org/bibtex/231a3c28acfe2301ba810b2fccd1ea392/mirian},
  interhash = {2d9a1a5440885a8741a1686f344a9494},
  intrahash = {31a3c28acfe2301ba810b2fccd1ea392},
  journal = {Linguisticae Investigationes},
  keywords = {ie ner nlp survey},
  month = {January},
  note = {Publisher: John Benjamins Publishing Company},
  number = 1,
  pages = {3--26},
  timestamp = {2009-11-06T17:24:59.000+0100},
  title = {A survey of named entity recognition and classification},
  url = {http://www.ingentaconnect.com/content/jbp/li/2007/00000030/00000001/art00002},
  volume = 30,
  year = 2007
}

@article{scikit-learn,
 title={Scikit-learn: Machine Learning in {P}ython},
 author={Pedregosa, F. and Varoquaux, G. and Gramfort, A. and Michel, V.
         and Thirion, B. and Grisel, O. and Blondel, M. and Prettenhofer, P.
         and Weiss, R. and Dubourg, V. and Vanderplas, J. and Passos, A. and
         Cournapeau, D. and Brucher, M. and Perrot, M. and Duchesnay, E.},
 journal={Journal of Machine Learning Research},
 volume={12},
 pages={2825--2830},
 year={2011}
}


@article{ExtRF,
 author = {Geurts, Pierre and Ernst, Damien and Wehenkel, Louis},
 title = {Extremely Randomized Trees},
 journal = {Mach. Learn.},
 issue_date = {April     2006},
 volume = {63},
 number = {1},
 month = apr,
 year = {2006},
 issn = {0885-6125},
 pages = {3--42},
 numpages = {40},
 url = {http://dx.doi.org/10.1007/s10994-006-6226-1},
 doi = {10.1007/s10994-006-6226-1},
 acmid = {1132040},
 publisher = {Kluwer Academic Publishers},
 address = {Hingham, MA, USA},
 keywords = {Bias/variance tradeoff, Cut-point randomization, Decision and regression trees, Ensemble methods, Kernel-based models, Supervised learning},
} 

 